<?xml version="1.0" encoding="UTF-8"?><collection xmlns="http://www.loc.gov/MARC21/slim"><record><leader>00452nam--2200181-i-4500</leader><controlfield tag="001">000024499</controlfield><controlfield tag="002">20161230</controlfield><controlfield tag="005">20161230201035</controlfield><controlfield tag="008">060222s1000------------r-----000-0-rus-d</controlfield><datafield ind1=" " ind2=" " tag="040"><subfield code="a">IFIN-HH</subfield></datafield><datafield ind1=" " ind2=" " tag="041"><subfield code="a">rus</subfield></datafield><datafield ind1=" " ind2=" " tag="080"><subfield code="a">621.039.61</subfield></datafield><datafield ind1="1" ind2=" " tag="100"><subfield code="a">Jeenbaev, J.J</subfield><subfield code="c">J.J. Jeenbaev, V.S. Engelist</subfield></datafield><datafield ind1="1" ind2="0" tag="245"><subfield code="a">Dvuhstruinii plaxmatron</subfield></datafield><datafield ind1=" " ind2=" " tag="260"><subfield code="a">Frunze</subfield><subfield code="b">Nauk</subfield><subfield code="c">1983</subfield></datafield><datafield ind1="1" ind2=" " tag="700"><subfield code="a">Engelist, V.S</subfield></datafield><datafield ind1=" " ind2=" " tag="852"><subfield code="a">72339</subfield><subfield code="c">533.9</subfield></datafield><datafield ind1=" " ind2=" " tag="CAT"><subfield code="a">Sys</subfield><subfield code="c">20101001</subfield><subfield code="h">120957</subfield></datafield></record></collection>